@article{karakus_gpu-accelerated_2016,
	title = {A {GPU}-accelerated adaptive discontinuous {Galerkin} method for level set equation},
	volume = {30},
	issn = {1061-8562},
	doi = {10.1080/10618562.2016.1155704},
	number = {1},
	urldate = {2016-05-21},
	journal = {International Journal of Computational Fluid Dynamics},
	author = {Karakus, A. and Warburton, T. and Aksel, M. H. and Sert, C.},
	year = {2016},
	pages = {56--68}
}


@article{kleefsman_volume--fluid_2005,
	title = {A {Volume}-of-{Fluid} based simulation method for wave impact problems},
	volume = {206},
	issn = {0021-9991},
	doi = {10.1016/j.jcp.2004.12.007},
	number = {1},
	journal = {Journal of Computational Physics},
	author = {Kleefsman, K. M. T. and Fekken, G. and Veldman, A. E. P. and Iwanowski, B. and Buchner, B.},
	year = {2005},
	keywords = {Cartesian grid, Free-surface flow, Moving body, Numerical simulation, Volume-of-fluid, Wave loading},
	pages = {363--393}
}

@online{SPHERIC,
	author = {{SPHERIC: 3D schematic dam break and evolution of the free surface}},
	note={ URL: \url{https://wiki.manchester.ac.uk/spheric/index.php/Test2}, Last visited: 05/07/2015}
}

@article{lee_application_2010,
	title = {Application of weakly compressible and truly incompressible {SPH} to 3-{D} water collapse in waterworks},
	volume = {48},
	issn = {0022-1686},
	url = {http://dx.doi.org/10.1080/00221686.2010.9641245},
	doi = {10.1080/00221686.2010.9641245},
	number = {sup1},
	urldate = {2015-11-12},
	journal = {Journal of Hydraulic Research},
	author = {Lee, Eun-Sug and Violeau, Damien and Issa, Réza and Ploix, Stéphane},
	year = {2010},
	pages = {50--60}
}

@article{osher_fronts_1988,
	title = {Fronts propagating with curvature-dependent speed: Algorithms based on {Hamilton-Jacobi} formulations},
	volume = {79},
	issn = {0021-9991},
	number = {1},
	journal = {Journal of Computational Physics},
	author = {Osher, {S.} and Sethian, {J.A.}},
	month = nov,
	year = {1988},
	pages = {12--49},
}

@article{hirt_volume_1981,
	title = {Volume of fluid ({VOF)} method for the dynamics of free boundaries},
	volume = {39},
	number = {1},
	journal = {Journal of Computational Physics},
	author = {Hirt, {C.W.} and Nichols, {B.D.}},
	year = {1981},
	pages = {201--225},
}


@book{osher_level_2002,
	edition = {1},
	title = {Level Set Methods and Dynamic Implicit Surfaces},
	isbn = {0387954821},
	publisher = {Springer},
	author = {Osher, Stanley J. and Fedkiw, Ronald P.},
	month = oct,
	year = {2002}
}


@book{sethian_level_1999,
	edition = {2},
	title = {Level Set Methods and Fast Marching Methods: Evolving Interfaces in Computational Geometry, Fluid Mechanics, Computer Vision, and Materials Science},
	isbn = {0521645573},
	shorttitle = {Level Set Methods and Fast Marching Methods},
	publisher = {Cambridge University Press},
	author = {Sethian, J. A.},
	month = jun,
	year = {1999}
}
%%%%%%%%%%%%%%%%%%%%%%%%%%%%%%%%%%%%%%%%%%%%%%%%%%%%%%%%%%%%%%%%%%%%%%
% LS-VOF Entries
%%%%%%%%%%%%%%%%%%%%%%%%%%%%%%%%%%%%%%%%%%%%%%%%%%%%%%%%%%%%%%%%%%%%%%
@article{sussman_coupled_2000,
	title = {A Coupled Level Set and {Volume-of-Fluid} Method for Computing {3D} and Axisymmetric Incompressible {Two-Phase} Flows},
	volume = {162},
	abstract = {{{\textless}p{\textgreater}Cited} By (since 1996): 273{\textless}/p{\textgreater}},
	number = {2},
	journal = {Journal of Computational Physics},
	author = {Sussman, M. and Puckett, {E.G.}},
	year = {2000},
	keywords = {Curvature, Incompressible, Level set, Volume-of-fluid},
	pages = {301--337},
}


@article{sussman_second_2003,
	title = {A second order coupled level set and volume-of-fluid method for computing growth and collapse of vapor bubbles},
	volume = {187},
	issn = {0021-9991},
	doi = {10.1016/S0021-9991(03)00087-1},
	number = {1},
	journal = {Journal of Computational Physics},
	author = {Sussman, Mark},
	month = may,
	year = {2003},
	note = {00321},
	keywords = {Bubbles, Cavitation, Level set, Volume-of-fluid},
	pages = {110--136}
}

@article{wang_coupled_2009,
	title = {A coupled level set and volume-of-fluid method for sharp interface simulation of plunging breaking waves},
	volume = {35},
	issn = {0301-9322},
	doi = {10.1016/j.ijmultiphaseflow.2008.11.004},
	number = {3},
	journal = {International Journal of Multiphase Flow},
	author = {Wang, Zhaoyuan and Yang, Jianming and Koo, Bonguk and Stern, Frederick},
	month = mar,
	year = {2009},
	note = {00056},
	pages = {227--246}
}
@article{li_numerical_2012,
	title = {Numerical simulation of gas-assisted injection molding using {CLSVOF} method},
	volume = {36},
	issn = {0307-904X},
	doi = {10.1016/j.apm.2011.08.023},
	number = {5},
	journal = {Applied Mathematical Modelling},
	author = {Li, Qiang and Ouyang, Jie and Yang, Binxin and Li, Xuejuan},
	month = may,
	year = {2012},
	note = {00002},
	keywords = {CLSVOF, Gas-assisted, Injection molding, interfaces, Mass-correction},
	pages = {2262--2274}
}
@article{yokoi_practical_2013,
	title = {A practical numerical framework for free surface flows based on {CLSVOF} method, multi-moment methods and density-scaled {CSF} model: {Numerical} simulations of droplet splashing},
	volume = {232},
	issn = {0021-9991},
	shorttitle = {A practical numerical framework for free surface flows based on {CLSVOF} method, multi-moment methods and density-scaled {CSF} model},
	doi = {10.1016/j.jcp.2012.08.034},
	number = {1},
	journal = {Journal of Computational Physics},
	author = {Yokoi, Kensuke},
	month = jan,
	year = {2013},
	note = {00010},
	keywords = {CIP-CSL method, CLSVOF method, droplet, Splash, Surface tension force, THINC/WLIC method, VSIAM3},
	pages = {252--271}
}

%%%%%%%%%%%%%%%%%%%%%%%%%%%%%%%%%%%%%%%%%%%%%%%%%%%%%%%%%%%%%%%%%%%%%%
% Particle Level Set Entries
%%%%%%%%%%%%%%%%%%%%%%%%%%%%%%%%%%%%%%%%%%%%%%%%%%%%%%%%%%%%%%%%%%%%%%
@article{enright_hybrid_2002,
	title = {A hybrid particle level set method for improved interface capturing},
	volume = {183},
	number = {1},
	journal = {Journal of Computational Physics},
	author = {Enright, D. and Fedkiw, R. and Ferziger, J. and Mitchell, I.},
	year = {2002},
	pages = {83--116},
}

@article{enright_fast_2005,
	title = {A fast and accurate semi-Lagrangian particle level set method},
	volume = {83},
	number = {6-7},
	journal = {Computers and Structures},
	author = {Enright, D. and Losasso, F. and Fedkiw, R.},
	year = {2005},
	pages = {479--490},
}

@article{koh_new_2012,
	title = {A new particle method for simulation of incompressible free surface flow problems},
	volume = {89},
	copyright = {Copyright © 2011 John Wiley \& Sons, Ltd.},
	issn = {1097-0207},
	doi = {10.1002/nme.3303},
	language = {en},
	number = {12},
	journal = {International Journal for Numerical Methods in Engineering},
	author = {Koh, C. G. and Gao, M. and Luo, C.},
	month = mar,
	year = {2012},
	keywords = {Free surface flow, incompressible liquid, particle method, sloshing},
	pages = {1582--1604}
}
@article{li_hybrid_2008,
	title = {A hybrid {Lagrangian}–{Eulerian} particle-level set method for numerical simulations of two-fluid turbulent flows},
	volume = {56},
	copyright = {Copyright © 2007 John Wiley \& Sons, Ltd.},
	issn = {1097-0363},
	doi = {10.1002/fld.1621},
	language = {en},
	number = {12},
	journal = {International Journal for Numerical Methods in Fluids},
	author = {Li, Zhaorui and Jaberi, Farhad A. and Shih, Tom I-P.},
	month = apr,
	year = {2008},
	keywords = {Interface tracking, particle-level set method, two-fluid turbulent flows},
	pages = {2271--2300}
}

@article{gaudlitz_improving_2008,
	title = {On improving mass-conservation properties of the hybrid particle-level-set method},
	volume = {37},
	issn = {0045-7930},
	doi = {10.1016/j.compfluid.2007.11.005},
	number = {10},
	journal = {Computers \& Fluids},
	author = {Gaudlitz, Daniel and Adams, Nikolaus A.},
	month = dec,
	year = {2008},
	pages = {1320--1331}
}
%%%%%%%%%%%%%%%%%%%%%%%%%%%%%%%%%%%%%%%%%%%%%%%%%%%%%%%%%%%%%%%%%%%%%%
% Conservative Level Set Method
%%%%%%%%%%%%%%%%%%%%%%%%%%%%%%%%%%%%%%%%%%%%%%%%%%%%%%%%%%%%%%%%%%%%%%
@article{olsson_conservative_2005,
	title = {A conservative level set method for two phase flow},
	volume = {210},
	issn = {0021-9991},
	doi = {10.1016/j.jcp.2005.04.007},
	number = {1},
	journal = {Journal of Computational Physics},
	author = {Olsson, Elin and Kreiss, Gunilla},
	month = nov,
	year = {2005},
	note = {00337},
	keywords = {Conservative method, Free boundary, incompressible flow, Level set method, Two phase flow},
	pages = {225--246}
}

@article{olsson_conservative_2007,
	title = {A conservative level set method for two phase flow {II}},
	volume = {225},
	issn = {0021-9991},
	doi = {10.1016/j.jcp.2006.12.027},
	number = {1},
	journal = {Journal of Computational Physics},
	author = {Olsson, Elin and Kreiss, Gunilla and Zahedi, Sara},
	year = {2007},
	note = {00146},
	keywords = {Conservative method, Level set method, Two phase flow},
	pages = {785--807}
}


@article{zhao_finite_2014,
	title = {Finite element implementation of an improved conservative level set method for two-phase flow},
	volume = {100},
	issn = {0045-7930},
	doi = {10.1016/j.compfluid.2014.04.027},
	journal = {Computers \& Fluids},
	author = {Zhao, Lanhao and Mao, Jia and Bai, Xin and Liu, Xiaoqing and Li, Tongchun and Williams, J. J. R.},
	month = sep,
	year = {2014},
	note = {00002},
	keywords = {FINITE ELEMENT METHOD, Improved conservative level set, Mass conservation, Two-phase flow, Two-step Taylor–Galerkin},
	pages = {138--154}
}

%%%%%%%%%%%%%%%%%%%%%%%%%%%%%%%%%%%%%%%%%%%%%%%%%%%%%%%%%%%%%%%%%%%%%%
% Mass Correction Procedures Level Set Method
%%%%%%%%%%%%%%%%%%%%%%%%%%%%%%%%%%%%%%%%%%%%%%%%%%%%%%%%%%%%%%%%%%%%%%
@article{sussman_efficient_1999,
	title = {Efficient, interface-preserving level set redistancing algorithm and its application to interfacial incompressible fluid flow},
	volume = {20},
	number = {4},
	journal = {{SIAM} Journal on Scientific Computing},
	author = {Sussman, M. and Fatemi, E.},
	year = {1999},
	pages = {1165--1191},
}

@article{wang_hybrid_2012,
	title = {A hybrid level set-volume constraint method for incompressible two-phase flow},
	volume = {231},
	number = {19},
	journal = {Journal of Computational Physics},
	author = {Wang, Y. and Simakhina, S. and Sussman, M.},
	year = {2012},
	pages = {6438--6471},
}
%%%%%%%%%%%%%%%%%%%%%%%%%%%%%%%%%%%%%%%%%%%%%%%%%%%%%%%%%%%%%%%%%%%%%%
% Front Tracking-VOF
%%%%%%%%%%%%%%%%%%%%%%%%%%%%%%%%%%%%%%%%%%%%%%%%%%%%%%%%%%%%%%%%%%%%%%
@article{unverdi_front-tracking_1992,
	title = {A front-tracking method for viscous, incompressible, multi-fluid flows},
	volume = {100},
	issn = {0021-9991},
	doi = {10.1016/0021-9991(92)90307-K},
	number = {1},
	journal = {Journal of Computational Physics},
	author = {Unverdi, Salih Ozen and Tryggvason, Grétar},
	year = {1992},
	note = {01678},
	pages = {25--37}
}

@article{harlow_numerical_1965,
	title = {Numerical calculations of time dependent viscous incompressible flow of fluid with a free surface},
	volume = {8},
	journal = {Phys. Fluids},
	author = {Harlow, F.H. and Welch, F.E.},
	year = {1965},
	note = {00000},
	pages = {21--82}
}
%%%%%%%%%%%%%%%%%%%%%%%%%%%%%%%%%%%%%%%%%%%%%%%%%%%%%%%%%%%%%%%%%%%%%%
% DG-LevelSet
%%%%%%%%%%%%%%%%%%%%%%%%%%%%%%%%%%%%%%%%%%%%%%%%%%%%%%%%%%%%%%%%%%%%%%
@article{marchandise_quadrature-free_2006,
	title = {A quadrature-free discontinuous {Galerkin} method for the level set equation},
	volume = {212},
	issn = {0021-9991},
	doi = {10.1016/j.jcp.2005.07.006},
	number = {1},
	journal = {Journal of Computational Physics},
	author = {Marchandise, E. and Remacle, {J.F.} and Chevaugeon, N.},
	month = feb,
	year = {2006},
	keywords = {Level set, {Rungeâ€“Kutta} discontinuous Galerkin method},
	pages = {338--357},
}
@article{marchandise_stabilized_2006,
	title = {A stabilized finite element method using a discontinuous level set approach for solving two phase incompressible flows},
	volume = {219},
	issn = {0021-9991},
	doi = {10.1016/j.jcp.2006.04.015},
	number = {2},
	journal = {Journal of Computational Physics},
	author = {Marchandise, Emilie and Remacle, Jean-François},
	month = dec,
	year = {2006},
	note = {00088},
	keywords = {3D incompressible Navier–Stokes, Discontinuous Galerkin, Free surface, Level set, Two-phase flow model},
	pages = {780--800}
}

@article{marchandise_stabilized_2007,
	title = {A stabilized finite element method using a discontinuous level set approach for the computation of bubble dynamics},
	volume = {225},
	issn = {0021-9991},
	doi = {10.1016/j.jcp.2007.01.005},
	number = {1},
	journal = {Journal of Computational Physics},
	author = {Marchandise, Emilie and Geuzaine, Philippe and Chevaugeon, Nicolas and Remacle, Jean-François},
	month = jul,
	year = {2007},
	note = {00068},
	keywords = {Bubble dynamics, Curvature, Discontinuous Galerkin method, Incompressible Navier–Stokes, Level set, Multiphase flow, Surface tension},
	pages = {949--974}
}
@article{ainsworth_dispersive_2004,
	title = {{Dispersive and dissipative behaviour of high order discontinuous {Galerkin} finite element methods}},
	volume = {198},
	language = {English},
	number = {1},
	journal = {Journal of Computational Physics},
	author = {Ainsworth, M.},
	year = {2004},
	pages = {106--130},
}

@article{yan_local_2011,
	title = {A local discontinuous {Galerkin} method for directly solving {Hamilton-Jacobi} equations},
	volume = {230},
	number = {1},
	journal = {Journal of Computational Physics},
	author = {Yan, J. and Osher, S.},
	year = {2011},
	keywords = {Discontinuous Galerkin method, {Hamilton-Jacobi} equation},
	pages = {232--244},
}

%%
@article{sussman_discontinuous_2003,
	title = {A Discontinuous Spectral Element Method for the Level Set Equation},
	volume = {19},
	language = {English},
	number = {1-3},
	journal = {Journal of Scientific Computing},
	author = {Sussman, M. and Hussaini, {M.Y.}},
	year = {2003},
	keywords = {Discontinuous Galerkin spectral method, Level set, Reinitialization},
	pages = {479--500},
}
%%
@article{owkes_discontinuous_2013,
	title = {A discontinuous {Galerkin} conservative level set scheme for interface capturing in multiphase flows},
	volume = {249},
	issn = {0021-9991},
	doi = {10.1016/j.jcp.2013.04.036},
	journal = {Journal of Computational Physics},
	author = {Owkes, Mark and Desjardins, Olivier},
	month = sep,
	year = {2013},
	keywords = {Conservative level set, Discontinuous Galerkin, DNS, incompressible flow, Mass conservation, Multiphase flow},
	pages = {275--302}
}
%%
@article{sussman_adaptive_1999,
	title = {An Adaptive Level Set Approach for Incompressible Two-Phase Flows},
	volume = {148},
	number = {1},
	journal = {Journal of Computational Physics},
	author = {Sussman, Mark and Almgren, Ann S and Bell, John B and Colella, Phillip and Howell, Louis H and Welcome, Michael L},
	year = {1999},
	pages = {81--124},
}
%%
@article{sussman_parallelized_2005,
	series = {Frontier of {Multi}-{Phase} {Flow} {Analysis} and {Fluid}-{Structure} {Frontier} of {Multi}-{Phase} {Flow} {Analysis} and {Fluid}-{Structure}},
	title = {A parallelized, adaptive algorithm for multiphase flows in general geometries},
	volume = {83},
	issn = {0045-7949},
	doi = {10.1016/j.compstruc.2004.06.006},
	number = {6–7},
	journal = {Computers \& Structures},
	author = {Sussman, Mark},
	month = feb,
	year = {2005},
	note = {00063},
	keywords = {Adaptive mesh refinement, Bubbles, Cavitation, Level set, Parallel computing, Projection method, Volume-of-fluid},
	pages = {435--444},
}
%%
@article{losasso_spatially_2006,
	title = {Spatially adaptive techniques for level set methods and incompressible flow},
	volume = {35},
	issn = {0045-7930},
	doi = {10.1016/j.compfluid.2005.01.006},
	number = {10},
	journal = {Computers \& Fluids},
	author = {Losasso, Frank and Fedkiw, Ronald and Osher, Stanley},
	year = {2006},
	note = {00175},
	pages = {995--1010}
}
%%
@article{kopera_analysis_2014,
	title = {Analysis of adaptive mesh refinement for {IMEX} discontinuous {Galerkin} solutions of the compressible {Euler} equations with application to atmospheric simulations},
	volume = {275},
	issn = {0021-9991},
	doi = {10.1016/j.jcp.2014.06.026},
	journal = {Journal of Computational Physics},
	author = {Kopera, Michal A. and Giraldo, Francis X.},
	month = oct,
	year = {2014},
	note = {00005},
	keywords = {Adaptive mesh refinement, Atmospheric simulations, Compressible Euler equations, Discontinuous Galerkin method, IMEX, Non-conforming mesh},
	pages = {92--117},
}

@article{eskilsson_hp-adaptive_2011,
	title = {An hp-adaptive discontinuous {Galerkin} method for shallow water flows},
	volume = {67},
	issn = {02712091},
	doi = {10.1002/fld.2434},
	language = {English},
	number = {11},
	journal = {International Journal for Numerical Methods in Fluids},
	author = {Eskilsson, C.},
	year = {2011},
	keywords = {Adaptivity, Discontinuous Galerkin method, High-order, Non-conforming elements, Shallow water equations},
	pages = {1605--1623},
}
@article{kopera_analysis_2014,
	title = {Analysis of adaptive mesh refinement for {IMEX} discontinuous {Galerkin} solutions of the compressible {Euler} equations with application to atmospheric simulations},
	volume = {275},
	issn = {0021-9991},
	doi = {10.1016/j.jcp.2014.06.026},
	journal = {Journal of Computational Physics},
	author = {Kopera, Michal A. and Giraldo, Francis X.},
	month = oct,
	year = {2014},
	keywords = {Adaptive mesh refinement, Atmospheric simulations, Compressible Euler equations, Discontinuous Galerkin method, IMEX, Non-conforming mesh},
	pages = {92--117},
}
@article{grooss_level_2006,
	series = {Discontinuous {Galerkin} {Methods}},
	title = {A level set discontinuous {Galerkin} method for free surface flows},
	volume = {195},
	issn = {0045-7825},
	url = {http://www.sciencedirect.com/science/article/pii/S0045782505002756},
	doi = {10.1016/j.cma.2005.06.020},
	number = {25–28},
	urldate = {2014-10-10},
	journal = {Computer Methods in Applied Mechanics and Engineering},
	author = {Grooss, J. and Hesthaven, J. S.},
	month = may,
	year = {2006},
	keywords = {Discontinuous Galerkin, fluid–structure interaction, Free surface flow, High order, Incompressible Navier Stokes, Level set, Spectral, Surface tension},
	pages = {3406--3429}
}

@article{nagrath_computation_2005,
	title = {Computation of incompressible bubble dynamics with a stabilized finite element level set method},
	volume = {194},
	issn = {0045-7825},
	url = {http://www.sciencedirect.com/science/article/pii/S0045782504005547},
	doi = {10.1016/j.cma.2004.11.012},
	number = {42–44},
	urldate = {2015-04-21},
	journal = {Computer Methods in Applied Mechanics and Engineering},
	author = {Nagrath, Sunitha and Jansen, Kenneth E. and Lahey Jr., Richard T.},
	month = oct,
	year = {2005},
	keywords = {Bubble dynamics, Finite element, Level set, SUPG, Two phase incompressible flow},
	pages = {4565--4587}
}

@article{smolianski_finite_2005,
	title = {Finite-element/level-set/operator-splitting ({FELSOS}) approach for computing two-fluid unsteady flows with free moving interfaces},
	volume = {48},
	issn = {1097-0363},
	url = {http://onlinelibrary.wiley.com/doi/10.1002/fld.823/abstract},
	doi = {10.1002/fld.823},
	language = {en},
	number = {3},
	urldate = {2015-04-21},
	journal = {International Journal for Numerical Methods in Fluids},
	author = {Smolianski, Anton},
	month = may,
	year = {2005},
	keywords = {FINITE ELEMENT METHOD, free moving boundary, level-set approach, Navier–Stokes equations, operator-splitting, Surface tension, two-fluid interfacial flow},
	pages = {231--269}
}
%% Flow based reinitilization
@article{sussman_level_1994,
	title = {A level set approach for computing solutions to incompressible two-phase flow},
	volume = {114},
	number = {1},
	journal = {Journal of Computational Physics},
	author = {Sussman, M. and Smereka, P. and Osher, S.},
	year = {1994},
	pages = {146--159},
}





@book{hesthaven_nodal_2008,
	title = {Nodal discontinuous Galerkin methods: algorithms, analysis, and applications},
	isbn = {9780387720654},
	shorttitle = {Nodal discontinuous Galerkin methods},
	publisher = {Springer},
	author = {Hesthaven, Jan S. and Warburton, Tim},
	year = {2008}
}

@article{warburton_explicit_2006,
	title = {An explicit construction of interpolation nodes on the simplex},
	volume = {56},
	number = {3},
	journal = {Journal of Engineering Mathematics},
	author = {Warburton, T.},
	year = {2006},
	pages = {247--262},
	annote = {Cited By (since 1996): 24},
}
@article{koornwinder_1975,
	title = {Two-variable analogues of the classical orthogonal polynomials},
	journal= {Theory and Application of Special Functions},
	author = {Koornwinder, T.},
	year = {1975},
	keywords = {approximation, polynomials},
	pages = {435--495}
}
@article{dubiner_spectral_1991,
	title = {Spectral methods on triangles and other domains},
	volume = {6},
	issn = {0885-7474, 1573-7691},
	number = {4},
	journal = {Journal of Scientific Computing},
	author = {Dubiner, M.},
	month = dec,
	year = {1991},
	pages = {345--390},
}
@article{Proriol_1957,
	title={Sur une famille de polynomes `a deux variables orthogonaux dans un triangle},
	volume={257},
	number={1},
	journal={C. R. Acad. Sci.},
	author={Proriol,{J.}},
	year={1957},
	pages={2459--2461},
}
@article{ronald_monomial_1999,
	title = {Monomial cubature rules since {“Stroud”:} a compilation — part 2},
	volume = {112},
	issn = {0377-0427},
	shorttitle = {Monomial cubature rules since {“Stroud”}},
	number = {1–2},
	journal = {Journal of Computational and Applied Mathematics},
	author = {Ronald, C.},
	year = {1999},
	keywords = {Cubature rule, multiple integration rule},
	pages = {21--27},
}

@article{karniadakis_high-order_1991,
	title = {High-order splitting methods for the incompressible Navier-Stokes equations},
	volume = {97},
	issn = {0021-9991},
	doi = {16/0021-9991(91)90007-8},
	number = {2},
	journal = {Journal of Computational Physics},
	author = {Karniadakis, George Em and Israeli, Moshe and Orszag, Steven A},
	month = dec,
	year = {1991},
	pages = {414--443}
}
@book{karniadakis_spectral/hp_2005,
	title = {Spectral/hp element methods for {CFD}},
	isbn = {9780195102260},
	language = {en},
	publisher = {Oxford University Press},
	author = {Karniadakis, George and Sherwin, Spencer J.},
	year = {2005}
}
@article{guermond_overview_2006,
	title = {An overview of projection methods for incompressible flows},
	volume = {195},
	issn = {0045-7825},
	doi = {10.1016/j.cma.2005.10.010},
	number = {44–47},
	journal = {Computer Methods in Applied Mechanics and Engineering},
	author = {Guermond, J. L. and Minev, P. and Shen, Jie},
	month = sep,
	year = {2006},
	keywords = {Finite elements, Fractional step methods, Incompressibility, Navier–Stokes equations, Projection methods, Spectral approximations},
	pages = {6011--6045}
}
@article{arnold_interior_1982,
	title = {An {Interior} {Penalty} {Finite} {Element} {Method} with {Discontinuous} {Elements}},
	volume = {19},
	issn = {0036-1429},
	doi = {10.1137/0719052},
	number = {4},
	journal = {SIAM J. Numer. Anal.},
	author = {Arnold, D.},
	year = {1982},
	pages = {742--760}
}
@article{arnold_unified_2002,
	title = {Unified {Analysis} of {Discontinuous} {Galerkin} {Methods} for {Elliptic} {Problems}},
	volume = {39},
	issn = {0036-1429},
	number = {5},
	journal = {SIAM Journal on Numerical Analysis},
	author = {Arnold, Douglas N. and Brezzi, Franco and Cockburn, Bernardo and Marini, L. Donatella},
	month = jan,
	year = {2002},
	pages = {1749--1779}
}

@article{shahbazi_explicit_2005,
	title = {An explicit expression for the penalty parameter of the interior penalty method},
	volume = {205},
	issn = {0021-9991},
	number = {2},
	journal = {Journal of Computational Physics},
	author = {Shahbazi, K.},
	month = may,
	year = {2005},
	keywords = {discontinuous galerkin methods, High order method, Interior penalty method, Penalty parameter},
	pages = {401--407},
}

@article{tatebe_multigrid_1995,
	title = {The {Multigrid} {Preconditioned} {Conjugate} {Gradient} {Method}},
	author = {Tatebe, Osamu},
	year = {1995},
	note = {00000}
}

@article{steinmoeller_short_2013,
	title = {A short note on the discontinuous {Galerkin} discretization of the pressure projection operator in incompressible flow},
	volume = {251},
	issn = {0021-9991},
	url = {http://www.sciencedirect.com/science/article/pii/S0021999113004026},
	doi = {10.1016/j.jcp.2013.05.036},
	journal = {Journal of Computational Physics},
	author = {Steinmoeller, D. T. and Stastna, M. and Lamb, K. G.},
	month = oct,
	year = {2013},
	note = {00004},
	pages = {480--486}
}

@article{gandham_gpu_2014,
	title = {A {GPU} accelerated aggregation algebraic multigrid method},
	volume = {68},
	issn = {0898-1221},
	doi = {10.1016/j.camwa.2014.08.022},
	number = {10},
	urldate = {2014-11-27},
	journal = {Computers \& Mathematics with Applications},
	author = {Gandham, Rajesh and Esler, Kenneth and Zhang, Yongpeng},
	month = nov,
	year = {2014},
	keywords = {Aggregation, Algebraic multigrid, CUDA, Elliptic partial differential equations, GPGPU, Linear system of equations},
	pages = {1151--1160}
}

@article{cockburn_equal-order_2008,
	title = {An {Equal}-{Order} {DG} {Method} for the {Incompressible} {Navier}-{Stokes} {Equations}},
	volume = {40},
	issn = {0885-7474, 1573-7691},
	url = {http://link.springer.com/article/10.1007/s10915-008-9261-1},
	doi = {10.1007/s10915-008-9261-1},
	language = {en},
	number = {1-3},
	urldate = {2015-04-17},
	journal = {Journal of Scientific Computing},
	author = {Cockburn, Bernardo and Kanschat, Guido and Schötzau, Dominik},
	month = dec,
	year = {2008},
	keywords = {Algorithms, Appl.Mathematics/Computational Methods of Engineering, Computational Mathematics and Numerical Analysis, discontinuous galerkin methods, Equal-order methods, Incompressible Navier-Stokes equations, Mathematical and Computational Physics},
	pages = {188--210}
}

@article{tsai_fast_2003,
	title = {Fast sweeping algorithms for a class of {Hamilton-Jacobi} equations},
	volume = {41},
	language = {English},
	number = {2},
	journal = {{SIAM} Journal on Numerical Analysis},
	author = {Tsai, Y.H.R. and Cheng, {L.T.} and Osher, S. and Zhao, {H.K.}},
	year = {2003},
	keywords = {Eikonal equations, Fast marching, Fast sweeping, Hamilton-Jacobi equations, Upwind finite differencing},
	pages = {673--694},
}



@article{sethian_fast_1996,
	title = {A fast marching level set method for monotonically advancing fronts},
	volume = {93},
	language = {English},
	number = {4},
	journal = {Proceedings of the National Academy of Sciences of the United States of America},
	author = {Sethian, {J.A.}},
	year = {1996},
	pages = {1591--1595},
}

@article{wu_effect_2001,
	title = {The effect of viscosity on the transient free-surface waves in a two-dimensional tank},
	volume = {40},
	language = {en},
	number = {1},
	journal = {Journal of Engineering Mathematics},
	author = {Wu, G. X. and Taylor, R. Eatock and Greaves, D. M.},
	month = may,
	year = {2001},
	pages = {77--90}
}

@article{martin_part_1952,
	title = {An Experimental Study of the Collapse of Liquid Columns on a Rigid Horizontal Plane},
	volume = {244},
	issn = {1364-503X, 1471-2962},
	doi = {10.1098/rsta.1952.0006},
	language = {en},
	number = {882},
	journal = {Phil. Trans. R. Soc. Lond. A},
	author = {Martin, J. C. and Moyce, W. J.},
	month = mar,
	year = {1952},
	note = {00605},
	pages = {312--324}
}

@article{medina_occa:_2014,
	title = {{OCCA:} {A unified approach to multi-threading languages}},
	shorttitle = {{OCCA}},
	journal = {{arXiv:1403.0968} [cs]},
	author = {Medina, David S. and St-Cyr, Amik and Warburton, T.},
	month = mar,
	year = {2014},
	note = {00000},
	keywords = {Computer Science - Distributed, Parallel, and Cluster Computing},
}


@article{karakus_2014,
title = {A {GPU} accelerated discontinuous {Galerkin} method for interface capturing in incompressible  multiphase flows},
language = {English},
year = {2014},
note = {in Preparation},
author = {Karakus, A. and Warburton, T. and  Aksel, {M.H.} and Sert,C.},
}

@article{karakus_reinitialization_2015,
	title = {Level Set Reinitialization  for A High Order $ h $ Adaptive Discontinuous Galerkin Method},
	language = {English},
	year = {2015},
	note = {Submitted to International Journal of Numerical Methods in Fluids},
	author = {Karakus, A. and Warburton, T. and  Aksel, {M.H.} and Sert,C.},
}

@article{ubbink_1999,
author={Ubbink, O. and Issa, R.I.},
title={A Method for Capturing Sharp Fluid Interfaces on Arbitrary Meshes},
journal={Journal of Computational Physics},
year={1999},
volume={153},
number={1},
pages={26-50},
document_type={Article}
}
@article{kelecy_development_1997,
	title = {The Development of a Free Surface Capturing Approach for Multidimensional Free Surface Flows in Closed Containers},
	volume = {138},
	number = {2},
	journal = {Journal of Computational Physics},
	author = {Kelecy, F. J. and Pletcher, R. H.},
	month = dec,
	year = {1997},
	pages = {939--980}
}



@article{tryggvason_numerical_1988,
	title = {Numerical simulations of the Rayleigh-Taylor instability},
	volume = {75},
	issn = {0021-9991},
	doi = {10.1016/0021-9991(88)90112-X},
	number = {2},
	journal = {Journal of Computational Physics},
	author = {Tryggvason, Grétar},
	year = {1988},
	pages = {253--282}
}


@article{guermond_projection_2000,
	title = {A Projection {FEM} for Variable Density Incompressible Flows},
	volume = {165},
	issn = {0021-9991},
	doi = {10.1006/jcph.2000.6609},
	number = {1},
	journal = {Journal of Computational Physics},
	author = {Guermond, J. -L. and Quartapelle, L.},
	month = nov,
	year = {2000},
	note = {00102},
	pages = {167--188}
}

@article{puckett_high-order_1997,
	title = {A High-Order Projection Method for Tracking Fluid Interfaces in Variable Density Incompressible Flows},
	volume = {130},
	issn = {0021-9991},
	doi = {10.1006/jcph.1996.5590},
	number = {2},
	journal = {Journal of Computational Physics},
	author = {Puckett, Elbridge Gerry and Almgren, Ann S. and Bell, John B. and Marcus, Daniel L. and Rider, William J.},
	month = jan,
	year = {1997},
	note = {00410},
	pages = {269--282}
}

@article{popinet_front-tracking_1999,
	title = {A front-tracking algorithm for accurate representation of surface tension},
	volume = {30},
	copyright = {Copyright © John Wiley \& Sons, Ltd.},
	issn = {1097-0363},
	doi = {10.1002/(SICI)1097-0363(19990730)30:6<775::AID-FLD864>3.0.CO;2-#},
	language = {en},
	number = {6},
	journal = {International Journal for Numerical Methods in Fluids},
	author = {Popinet, Stéphane and Zaleski, Stéphane},
	year = {1999},
	keywords = {capillary waves, drops and bubbles, front-tracking, interfaces, Surface tension, surface-tracking},
	pages = {775--793},
}



@article{xie_adaptive_2014,
	series = {A Collection of Papers in Honor of Professor G. Hewitt on the Occasion of his 80th Birthday},
	title = {Adaptive unstructured mesh modelling of multiphase flows},
	volume = {67, Supplement},
	issn = {0301-9322},
	doi = {10.1016/j.ijmultiphaseflow.2014.08.002},
	journal = {International Journal of Multiphase Flow},
	author = {Xie, Zhihua and Pavlidis, Dimitrios and Percival, James R. and Gomes, Jefferson L. M. A. and Pain, Christopher C. and Matar, Omar K.},
	month = dec,
	year = {2014},
	keywords = {Anisotropic mesh adaptivity, Interface-capturing, Rayleigh–Taylor instability, Rising bubble, Surface tension, Two-phase flows},
	pages = {104--110}
}